
@article{ThurberConcerningMaxStab02,
  author = {Thurber, Edward G.},
  title = {Concerning the maximum number of stable matchings in the stable
    marriage problem},
  journal = {Discrete Mathematics},
  year = {2002},
  volume = { 248 },
  pages = {195-219},
}
@article{IrvingCountingStab86,
  author    = {Robert W. Irving and
               Paul Leather},
  title     = {The Complexity of Counting Stable Marriages},
  journal   = {{SIAM} J. Comput.},
  volume    = {15},
  number    = {3},
  pages     = {655--667},
  year      = {1986},
  url       = {https://doi.org/10.1137/0215048},
  doi       = {10.1137/0215048},
  timestamp = {Sat, 27 May 2017 14:22:59 +0200},
  biburl    = {https://dblp.org/rec/bib/journals/siamcomp/IrvingL86},
  bibsource = {dblp computer science bibliography, https://dblp.org}
}
@article{PittelAverageStable89,
  author = {Pittel, B.},
  title = {The Average Number of Stable Matchings},
  journal = {SIAM J. Discret. Math.},
  issue_date = {Nov. 1989},
  volume = {2},
  number = {4},
  month = nov,
  year = {1989},
  issn = {0895-4801},
  pages = {530--549},
  numpages = {20},
  url = {http://dx.doi.org/10.1137/0402048},
  doi = {10.1137/0402048},
  acmid = {75544},
  publisher = {Society for Industrial and Applied Mathematics},
  address = {Philadelphia, PA, USA},
}
@misc {ShorAsymptoticStab19,
  TITLE = {The asymptotic behavior of a recurrence related to stable matchings},
  AUTHOR = {Peter Shor },
  HOWPUBLISHED = {Theoretical Computer Science Stack Exchange},
  NOTE = {URL: \url{https://cstheory.stackexchange.com/q/44371} (version: 2019-08-08)},
  EPRINT = {https://cstheory.stackexchange.com/q/44371},
  URL = {https://cstheory.stackexchange.com/q/44371}
}
